

@book{
    pl:00,
    title={Introduction to Programming Languages},
    author={Anthony A. Aaby},
    note={Disponível em: < http://www.emu.edu.tr/aelci/Courses/D-318/D-318-Files/plbook/ >. Acesso em: 16 Nov. 2013},
    year={1996}
}

@book{
    org&arch:00,
    title={Computer Organization and Architecture},
    author={William Stallings},
    edition={8ª},
    year={2010},
    publisher={Prentice Hall}
}

@misc{
    flex:00,
    title={Flexc++},
    author={Frank B. Brokken},
    note={Disponível em: < http://flexcpp.sourceforge.net/ >. Acesso em: 17 Nov. 2013},
    year={2013}
}

@misc{
    cpp:00,
    title={The C++ Resources Network - A brief decription},
    author={Amaya S.},
    note={Disponível em: < http://www.cplusplus.com/info/description/ >. Acesso em: 17 Nov. 2013},
    year={2013}
}

@misc{
    cpp:01,
    title={The C++ Resources Network - History of C++},
    author={Amaya S.},
    note={Disponível em: < http://www.cplusplus.com/info/history/ >. Acesso em: 17 Nov. 2013},
    year={2013}
}

@misc{
    script:00,
    title={Programming is Hard, Let's Go Scripting},
    author={Larry Wall},
    note={Disponível em: < http://www.perl.com/pub/2007/12/06/soto-11.html >. Acesso em: 17 Nov. 2013},
    year={2013}
}

@misc{
    lua:00,
    title={Lua 5.1 Reference Manual},
    author={R. Ierusalimschy and L. H. de Figueiredo and W. Celes },
    note={Disponível em: < http://www.lua.org/manual/5.1/ >. Acesso em: 19 Nov. 2013},
}

@misc{
    python:00,
    title={Python v2.7.6 documentation},
    publisher={Python Software Foundation},
    note={Disponível em: < http://docs.python.org/2/ >. Acesso em: 19 Nov. 2013},
}

@book{fraleigh1989first,
    title={A first course in abstract algebra},
    author={Fraleigh, J.B.},
    isbn={9780201168471},
    lccn={88022171},
    url={http://books.google.com.br/books?id=7wvvAAAAMAAJ},
    year={1989},
    publisher={Addison-Wesley Pub. Co.}
}

@INPROCEEDINGS{ xtr:00,
    AUTHOR = "Arjen K. Lenstra and Eric R. Verheul",
    TITLE = "The XTR Public Key System",
    BOOKTITLE = "CRYPTO'00",
    PAGES = {1-19},
    YEAR = {2000}, 
}

@INPROCEEDINGS{ spdupxtr:01,
    AUTHOR = "Martijn Stam and Arjen K. Lenstra",
    TITLE = "Speeding Up XTR",
    BOOKTITLE = "ASIACRYPT'01",
    PAGES = {125-143},
    YEAR = {2001}, 
}

@misc{KeccakSub3,
    author    = {G. Bertoni and J. Daemen and M. Peeters and G. Van Assche},
    title     = {The Keccak SHA-3 submission},
    url        = {http://keccak.noekeon.org/Keccak-submission-3.pdf},
    howpublished = {Submission to NIST (Round 3)},
    year      = {2011},
}

@misc{KeccakRef3,
    author    = {G. Bertoni and J. Daemen and M. Peeters and G. Van Assche},
    title     = {The Keccak reference},
    url        = {http://keccak.noekeon.org/Keccak-reference-3.0.pdf},
    howpublished = {Submission to NIST (Round 3)},
    year      = {2011},
}

@inproceedings{spongeduplex,
    author = {Bertoni, Guido and Daemen, Joan and Peeters, Micha\"{e}l and Van Assche, Gilles},
    title = {Duplexing the sponge: single-pass authenticated encryption and other applications},
    booktitle = {Proceedings of the 18th international conference on Selected Areas in Cryptography},
    series = {SAC'11},
    year = {2012},
    isbn = {978-3-642-28495-3},
    location = {Toronto, ON, Canada},
    pages = {320--337},
    numpages = {18},
    url = {http://dx.doi.org/10.1007/978-3-642-28496-0_19},
    doi = {10.1007/978-3-642-28496-0_19},
    acmid = {2186868},
    publisher = {Springer-Verlag},
    address = {Berlin, Heidelberg},
    keywords = {Keccak, authenticated encryption, duplex construction, key wrapping, provable security, pseudo-random bit sequence generator, sponge functions},
} 
